@inproceedings{conf/bigmm/TousTA15,
  author = {Ruben Tous and Jordi Torres and Eduard Ayguade},
  biburl = {http://www.bibsonomy.org/bibtex/2d2509340dd0591ba8a3e3fe3f4dafcd5/dblp},
  booktitle = {BigMM},
  crossref = {conf/bigmm/2015},
  ee = {http://dx.doi.org/10.1109/BigMM.2015.39},
  interhash = {37e589b3754c515555ee3e9c544f09ef},
  intrahash = {d2509340dd0591ba8a3e3fe3f4dafcd5},
  isbn = {978-1-4799-8688-0},
  keywords = {dblp},
  pages = {144-147},
  publisher = {IEEE},
  timestamp = {2015-09-22T11:34:05.000+0200},
  title = {Multimedia Big Data Computing for In-Depth Event Analysis.},
  year = 2015
}
@article{DBLP:journals/corr/ParkLK16,
  author    = {Minseok Park and Hanxiang Li and Junmo Kim},
  title     = {{HARRISON:} {A} Benchmark on HAshtag Recommendation for Real-world
               Images in Social Networks},
  journal   = {CoRR},
  volume    = {abs/1605.05054},
  year      = {2016}
}

@inproceedings{Denton:2015:UCH:2783258.2788576,
 author = {Denton, Emily and Weston, Jason and Paluri, Manohar and Bourdev, Lubomir and Fergus, Rob},
 title = {User Conditional Hashtag Prediction for Images},
 booktitle = {Proceedings of the 21th ACM SIGKDD International Conference on Knowledge Discovery and Data Mining},
 series = {KDD '15},
 year = {2015},
 isbn = {978-1-4503-3664-2},
 location = {Sydney, NSW, Australia},
 pages = {1731--1740},
 numpages = {10},
 url = {http://doi.acm.org/10.1145/2783258.2788576},
 doi = {10.1145/2783258.2788576},
 acmid = {2788576},
 publisher = {ACM},
 address = {New York, NY, USA},
 keywords = {deep learning, hashtagging, large scale image annotation, social media, user modeling},
} 
@inproceedings{conf/bigdataconf/TousGTTGALBCV15,
  added-at = {2016-11-02T00:00:00.000+0100},
  author = {Tous, Ruben and Gounaris, Anastasios and Tripiana, Carlos and Torres, Jordi and Girona, Sergi and Ayguadé, Eduard and Labarta, Jesús and Becerra, Yolanda and Carrera, David N. and Valero, Mateo},
  biburl = {https://puma.ub.uni-stuttgart.de/bibtex/253efc24faed438aeb9435de860c4adad/dblp},
  booktitle = {Big Data},
  crossref = {conf/bigdataconf/2015},
  ee = {http://dx.doi.org/10.1109/BigData.2015.7363768},
  interhash = {917874b1eb292e38707851ff60f11272},
  intrahash = {53efc24faed438aeb9435de860c4adad},
  isbn = {978-1-4799-9926-2},
  keywords = {dblp},
  pages = {299-306},
  publisher = {IEEE},
  timestamp = {2016-11-03T11:37:50.000+0100},
  title = {Spark deployment and performance evaluation on the MareNostrum supercomputer.},
  year = 2015
}
@inproceedings{conf/bigdataconf/Tous16,
  added-at = {2016-11-02T00:00:00.000+0100},
  author = { Tous, Ruben and Wust, Otto and Gomez, Mauro and Poveda, Jonatan and Elena, Marc and Torres, Jordi and Makni, Mouna and Ayguade, Eduard},
  publisher = {IEEE},
  title = {User-generated Content Curation with Deep Convolutional Neural Networks},
  year = 2016
}
@misc{data1,
	author = {The MNIST database of handwritten digits},
  howpublished ={\url{http://yann.lecun.com/exdb/mnist/}},
  note = {Online. Accessed: 2016-01-31}
	
}

@misc{data2,
	author = {The CIFAR Dataset},
  howpublished ={\url{https://www.cs.toronto.edu/~kriz/cifar.html}},
  note = {Online. Accessed: 2016-01-31}
}

@misc{data3,
	author = {yfcc100m Browser},
  howpublished ={\url{http://yfcc100m.appspot.com/}},
  note = {Online. Accessed: 2016-01-31}
}
@inproceedings{new2,
  author    = {Ruben Tous, Otto Wust, Mauro Gomez, Jonatan Poveda, Marc Elena, Jordi Torres, Mouna Makni and Eduard Ayguade},
  title     = {User-generated Content Curation with Deep Convolutional Neural Networks},
  booktitle = {Workshop Application of Big Data for Computational Social Science. 2016 IEEE International Conference on Big Data},
   year      = {2016}
}

@inproceedings{svm,
 author = {Boser, Bernhard E. and Guyon, Isabelle M. and Vapnik, Vladimir N.},
 title = {A Training Algorithm for Optimal Margin Classifiers},
 booktitle = {Proceedings of the Fifth Annual Workshop on Computational Learning Theory},
 series = {COLT '92},
 year = {1992},
 isbn = {0-89791-497-X},
 location = {Pittsburgh, Pennsylvania, USA},
 pages = {144--152},
 numpages = {9},
 publisher = {ACM},
 address = {New York, NY, USA},
} 

@misc{data4,
	author = {WordNet A lexical database for English},
  howpublished ={\url{http://wordnet.princeton.edu/}},
  note = {Online. Accessed: 2016-01-31}
}

@misc{data5,
	author = {One Hundred Million Creative Commons Flickr Images for Research},
  howpublished ={\url{http://yahoolabs.tumblr.com/post/89783581601/one-hundred-million-creative-commons-flickr-images}},
  note = {Online. Accessed: 2016-01-31}
}

@misc{data6,
	author = {State of the art in objects classification},
  howpublished ={\url{http://rodrigob.github.io/are_we_there_yet/build/classification_datasets_results.html}},
  note = {Online. Accessed: 2016-01-31}
}


@article{cnn,
Author = {Olga Russakovsky and Jia Deng and Hao Su and Jonathan Krause and Sanjeev Satheesh and Sean Ma and Zhiheng Huang and Andrej Karpathy and Aditya Khosla and Michael Bernstein and Alexander C. Berg and Li Fei-Fei},
Title = {{ImageNet Large Scale Visual Recognition Challenge}},
Year = {2015},
journal   = {International Journal of Computer Vision (IJCV)},
volume={115},
number={3},
pages={211-252}
}
@inproceedings{cnn2,
  author    = {Pierre Sermanet and
               Yann LeCun},
  title     = {Traffic sign recognition with multi-scale Convolutional Networks},
  booktitle = {The 2011 International Joint Conference on Neural Networks, {IJCNN}
               2011, San Jose, California, USA, July 31 - August 5, 2011},
  pages     = {2809--2813},
  year      = {2011},
}
@INPROCEEDINGS{kmeans,
    author = {J. Macqueen},
    title = {Some methods for classification and analysis of multivariate observations},
    booktitle = {In 5-th Berkeley Symposium on Mathematical Statistics and Probability},
    year = {1967},
    pages = {281--297}
}


@article{sift,
 author = {Lowe, David G.},
 title = {Distinctive Image Features from Scale-Invariant Keypoints},
 journal = {Int. J. Comput. Vision},
 issue_date = {November 2004},
 volume = {60},
 number = {2},
 month = nov,
 year = {2004},
 issn = {0920-5691},
 pages = {91--110},
 numpages = {20},
 publisher = {Kluwer Academic Publishers},
 address = {Hingham, MA, USA},
} 

@inproceedings{bowe,
    author = {Gabriella Csurka and Christopher R. Dance and Lixin Fan and Jutta Willamowski and Cédric Bray},
    title = {Visual categorization with bags of keypoints},
    booktitle = {In Workshop on Statistical Learning in Computer Vision, ECCV},
    year = {2004},
    pages = {1--22}
}

@PHDTHESIS{200512Robert_Fergus,
  AUTHOR={Robert Fergus},
  TITLE={Visual Object Category Recognition},
  SCHOOL={University of Oxford},
  MONTH=Dec,
  YEAR=2005,
  URL={http://www.bmva.org/thesis-archive/2005/2005-fergus.pdf},
}


@misc{insta,
	author = {Instagram Blog},
	note = {Online. Accessed: 2016-01-31},
	howpublished ={\url{http://blog.instagram.com/post/104847837897/141210-300million}}
}

@misc{instacomm,
	author = {Instagram Blog},
	note = {Online. Accessed: 2016-01-31},
	howpublished ={\url{http://blog.instagram.com/post/129662501137/150922-400million}}
}


@misc{cnn4,
	author = {TensorFlow},
  howpublished ={\url{https://www.tensorflow.org/, https://www.tensorflow.org/versions/0.6.0/tutorials/image_recognition/index.html}},
  note = {Online. Accessed: 2016-01-31}
}

@misc{cnn6,
	author = {Deep Learning on visual processing},
  howpublished ={\url{http://www.pyimagesearch.com/2014/06/09/get-deep-learning-bandwagon-get-perspective/
}},
  note = {Online. Accessed: 2016-01-31}
}

@misc{twitter,
	author = {Tweets language statistics},
  howpublished ={\url{http://www.statista.com/chart/1726/languages-used-on-twitter/}},
  note = {Online. Accessed: 2016-01-31}
}

@misc{statimages,
	author = {Internet image},
  howpublished ={\url{http://www.dailydot.com/technology/mary}},
  note = {Online. Accessed: 2016-01-31}
}

@misc{bsc,
	author = {MareNostrum, Barcelona Supercomuting Center},
  howpublished ={\url{https://www.bsc.es/marenostrum-support-services}},
  note = {Online. Accessed: 2016-01-31}
}

@misc{opencv,
	author = {Opensource Computer Vision},
  howpublished ={\url{http://opencv.org/}},
  note = {Online. Accessed: 2016-01-31}
}



@misc{spark1,
	author = {The Apache Software Foundation. Apache Spark Lightning-Fast Cluster Computing},
  howpublished ={\url{https://spark.apache.org/}},
  note = {Online. Accessed: 2016-01-31}
}

@misc{hadoop,
	author = {Hortonworks. What is Apache Hadoop ?},
  howpublished ={\url{http://hortonworks.com/hadoop/, http://hortonworks.com/hadoop/mapreduce/}},
  note = {Online. Accessed: 2016-01-31}
}

@misc{flink,
	author = {Apache Flink},
  howpublished ={\url{https://flink.apache.org/}},
  note = {Online. Accessed: 2016-01-31}
}





@misc{hadoop2,
	author = {Hortonworks. HDFS},
  howpublished ={\url{http://hortonworks.com/hadoop/hdfs/}},
  note = {Online. Accessed: 2016-01-31}
}

@misc{conv,
	author = {Imagenet - Large Scale Visual Recognition Challenge},
  howpublished ={\url{http://image-net.org/challenges/LSVRC/2014/results, http://image-net.org/challenges/LSVRC/2015/results}},
  note = {Online. Accessed: 2016-01-31}
}


@misc{part,
	author = {Rob Fergus - ICCV 2009 Tutorial},
  howpublished ={\url{http://people.csail.mit.edu/torralba/shortCourseRLOC/index.html}},
  note = {Online. Accessed: 2016-01-31}
}
@article{part2,
 author = {Fischler, M. A. and Elschlager, R. A.},
 title = {The Representation and Matching of Pictorial Structures},
 journal = {IEEE Trans. Comput.},
 issue_date = {January 1973},
 volume = {22},
 number = {1},
 month = jan,
 year = {1973},
 issn = {0018-9340},
 pages = {67--92},
 numpages = {26},
 url = {http://dx.doi.org/10.1109/T-C.1973.223602},
 doi = {10.1109/T-C.1973.223602},
 acmid = {1309318},
 publisher = {IEEE Computer Society},
 address = {Washington, DC, USA},
 keywords = {Dynamic programming, heuristic optimization, picture description, picture matching, picture processing, representation.},
} 


@inproceedings{tous,
  author    = {Rub{\'{e}}n Tous and
               Jordi Torres and
               Eduard Ayguad{\'{e}}},
  title     = {Multimedia Big Data Computing for In-Depth Event Analysis},
  booktitle = {2015 {IEEE} International Conference on Multimedia Big Data, BigMM
               2015, Beijing, China, April 20-22, 2015},
  pages     = {144--147},
  year      = {2015},
  url       = {http://dx.doi.org/10.1109/BigMM.2015.39},
  doi       = {10.1109/BigMM.2015.39},
  timestamp = {Mon, 21 Sep 2015 18:05:06 +0200},
  biburl    = {http://dblp2.uni-trier.de/rec/bib/conf/bigmm/TousTA15},
  bibsource = {dblp computer science bibliography, http://dblp.org}
}



@book{cnn5,
  author    = {Brenden M. Lake and
               Ruslan Salakhutdinov and
               Joshua B. Tenenbaum},
  title     = {Human-level Concept Learning Through Probabilistic Program Induction},
  publisher = {Science 2015},
  year      = {2015}
}
